<?xml version="1.0" encoding="UTF-8"?><collection xmlns="http://www.loc.gov/MARC21/slim"><record><leader>00341nam--2200133-i-4500</leader><controlfield tag="001">000038147</controlfield><controlfield tag="002">20161230</controlfield><controlfield tag="005">20161230201041</controlfield><controlfield tag="008">060222s1000------------r-----000-0-eng-d</controlfield><datafield ind1=" " ind2=" " tag="080"><subfield code="a">547</subfield></datafield><datafield ind1=" " ind2=" " tag="100"><subfield code="a">Reid, K.F</subfield></datafield><datafield ind1=" " ind2=" " tag="245"><subfield code="a">Properties and reactions of bonds in organic molecules</subfield></datafield><datafield ind1=" " ind2=" " tag="260"><subfield code="a">London, Longmans, 19968, Xiii + 556p</subfield></datafield><datafield ind1=" " ind2=" " tag="852"><subfield code="a">13058</subfield></datafield></record></collection>